<?xml version="1.0" encoding="UTF-8"?><record xmlns="http://www.loc.gov/MARC21/slim" xmlns:cinclude="http://apache.org/cocoon/include/1.0" xmlns:zs="http://www.loc.gov/zing/srw/">
  <leader>00542nz  a2200145n  4500</leader>
  <controlfield tag="001">no2014112828</controlfield>
  <controlfield tag="003">DLC</controlfield>
  <controlfield tag="005">20140826073554.0</controlfield>
  <controlfield tag="008">140825n| azannaabn          |n aaa     c</controlfield>
  <datafield tag="010" ind1=" " ind2=" ">
    <subfield code="a">no2014112828</subfield>
  </datafield>
  <datafield tag="035" ind1=" " ind2=" ">
    <subfield code="a">(OCoLC)oca09944422</subfield>
  </datafield>
  <datafield tag="040" ind1=" " ind2=" ">
    <subfield code="a">CSt-Law</subfield>
    <subfield code="b">eng</subfield>
    <subfield code="e">rda</subfield>
    <subfield code="c">CSt-Law</subfield>
  </datafield>
  <datafield tag="100" ind1="1" ind2=" ">
    <subfield code="a">Leefer, Joanna R.</subfield>
  </datafield>
  <datafield tag="373" ind1=" " ind2=" ">
    <subfield code="a">ElderCareGiving (Firm)</subfield>
  </datafield>
  <datafield tag="670" ind1=" " ind2=" ">
    <subfield code="a">Almost like home, 2014:</subfield>
    <subfield code="b">title page (Joanna R. Leefer) page 4 of cover (Joanna Leefer; founded ElderCareGiving; holds an MBA and a Geriatric Scholar Certificate; writes for Courier Life newspaper)</subfield>
  </datafield>
</record>